2684 4928
370 333 863 447 Cossonlnns
944 394 994 415 ,Ἴ
1105 336 1233 417 331·

61 501 236 574 absoniae,
262 503 334 571 4-8
357 504 520 581 brevibus,
541 507 739 576 transversis,
761 507 848 586 apice
868 508 1082 587 truncatisvel
1097 511 1172 568 snb-

60 605 249 687 perfoliatia3
279 608 365 669 clava
383 630 507 687 magna,
537 619 646 680 ovata,
674 611 759 688 quasi
789 611 1024 689 subspongiosa,
1061 613 1172 671 subso-

60 711 144 784 lide,
163 711 309 776 ,articulis
333 711 425 776 3l.4
447 711 649 782 indistinctis,
678 713 832 771 interdum
854 712 936 771 haud
959 714 1083 771 omnino
1107 715 1173 772 dis·
1239 781 1241 787 Α
1265 738 1267 743 ’

61 813 232 875 cernendis.
259 847 300 862 -
327 814 477 871 Rostrum
508 815 565 871 vix
592 799 691 893 capite
718 814 813 894 duplo
840 815 978 895 longius,
1004 816 1172 901 *subdede-

62 940 157 993 xum,
183 917 249 977 basi
275 914 309 975 in
332 916 692 995 plerisqueangustum,
724 929 898 976 extrorsum
927 928 981 977 aut
1009 918 1103 976 valde
1121 919 1179 987 inf
1228 990 1229 995 ἵ
1285 946 1292 957 ·

63 1031 247 1090 crassatum,
273 1027 325 1077 aut
340 1018 525 1107 dilatatum,
552 1038 659 1098 parum
674 1031 839 1094 arcuatum,
868 1022 901 1080 in
924 1021 1028 1100 paucis
1046 1022 1173 1092 lineare,
1276 1044 1279 1051 ·

63 1126 223 1199 subteres;
250 1121 372 1181 scrobes
393 1141 491 1200 prope
516 1120 631 1199 apicem
654 1120 845 1201 incipientes,
869 1124 1057 1201 profundae,
1076 1124 1174 1182 linea-

63 1249 132 1304 res,
161 1226 263 1287 statim
286 1225 392 1282 subtus
414 1223 529 1304 flesse,
557 1223 588 1282 in
608 1225 693 1283 basin
712 1206 806 1284 rostri
827 1227 980 1288 coeuntes.
1003 1261 1043 1277 -
1071 1227 1175 1306 Caput

64 1340 251 1413 porrectum,
269 1332 499 1387 convexum-
514 1326 607 1385 Oculi
618 1327 768 1402 laterales,
792 1328 957 1402 rotundati,
980 1328 1175 1410 depressi-
1223 1361 1228 1377 ν

22 1446 25 1449 ’
75 1435 200 1492 Thorax
236 1427 400 1490 latitudine
432 1427 529 1487 multo
556 1429 695 1508 longior,
727 1427 1058 1511 subquadrangulstus,
1087 1433 1176 1512 juxta
1224 1464 1233 1473 -
1317 1474 1320 1481 ι

66 1538 184 1620 apicem
205 1536 264 1616 jam
291 1532 350 1590 cito
373 1531 545 1609 angustior,
572 1541 759 1605 coarctatus,
795 1532 858 1590 basi
882 1534 1028 1614 apiceque
1052 1545 1176 1595 trunca·
1219 1585 1226 1597 ,

56 1650 136 1710 dns,
173 1629 336 1698 lateribus‘
353 1642 383 1691 et
409 1633 526 1712 angulis
555 1635 679 1715 posticis
708 1657 816 1715 parum
845 1615 1058 1718 rotundatus,
1084 1661 1176 1720 snpra

67 1741 290 1821 aliquantisper
318 1723 491 1808 connexus,
531 1737 651 1816 saepius
690 1739 780 1807 dorso
818 1741 932 1818 poetice
957 1733 1177 1819 longitrorsnm

68 1845 230 1924 impresso.
258 1875 298 1890 -
322 1840 493 1898 Scutellum
522 1859 660 1918 patmum,
682 1842 888 1901 rotundatum.
905 1880 948 1890 —
969 1845 1082 1921 Elytra
1104 1846 1178 1904 tho-
1210 1915 1219 1931 ι

70 1967 140 2006 race
161 1930 219 2002 iix
246 1941 373 2012 latiora,
411 1942 463 2000 sad
493 1943 563 2021 plus
595 1943 688 2024 duplo
718 1945 873 2028 longiora,
908 1947 1055 2021 linearia,
1085 1970 1186 2028 supra

70 2048 188 2108 modice
210 2066 363 2118 convexa,
395 2046 479 2131 apice
502 2045 607 2104 obtuse
622 2047 793 2120 rotundata,
817 2069 908 2105 arsum
922 2042 1114 2109 occultantia.
1137 2087 1176 2102 -
1237 2078 1240 2086 ·

70 2150 172 2209 Pedes
197 2133 401 2221 breviusculi,
432 2147 544 2222 validi,
576 2147 740 2222 distantes,
773 2131 985 2229 subaequales,
1011 2149 1196 2233 sernoribus

73 2252 215 2323 clavatis,
245 2250 385 2325 muticis3
415 2250 499 2307 tibiis
530 2250 753 2321 subteretibus,
787 2253 851 2310 basi
882 2253 1064 2333 angustatis,
1094 2239 1179 2333 apice
1266 2251 1269 2261 ’

74 2367 162 2414 extus
185 2374 263 2413 unco
284 2346 569 2430 magno,.dessexo
595 2352 735 2427 armatis,
770 2355 878 2414 anticis
901 2365 990 2413 extus
1014 2359 1178 2436 excavatis,
1207 2403 1214 2417 ,
1316 2389 1322 2401 =

72 2468 170 2517 tarsos
192 2456 429 2534 recipientibus,
461 2455 548 2513 tarsis
569 2455 749 2534 gracilibus,
777 2458 904 2515 articulo
927 2458 1020 2517 basali
1041 2458 1178 2539 longius-

74 2562 161 2633 culo,
193 2557 357 2629 olrconic0,
389 2561 492 2621 2et3
521 2558 681 2629 brevibus,
719 2559 902 2637 angustatis,
935 2561 1182 2642 sulcylindricis,

74 2663 181 2724 ultimo
203 2662 339 2732 clavato,
369 2659 606 2738 biunguiculato.

116 2849 133 2893 ῃ
168 2817 287 2893 Typus:
316 2848 356 2862 -
386 2786 761 2872 Cosson.0'li1iearis
797 2813 919 2872 Auctor.
949 2847 989 2861 -
1021 2812 1184 2893 Congene-

75 2915 150 2975 rici:
173 2950 213 2963 —
236 2914 267 2991 C,
289 2914 553 2993 ferrugineus
583 2913 695 2980 Clainv,
719 2951 758 2964 -
780 2913 1004 2996 Hylesinus
1038 2917 1184 2976 brevi·

76 3038 146 3096 pes
176 3025 207 3074 et
230 3017 533 3078 canaliculatus
562 3015 647 3078 Fabr.
668 3051 708 3065 -
731 3016 942 3083 Cossonus
965 3017 1129 3097 Squama
1153 3029 1183 3078 et

78 3120 339 3198 elongatulus
376 3118 460 3178 Fabr.
485 3155 524 3167 -—
555 3182 559 3186 ,

164 3274 189 3330 Α
212 3270 356 3330 Cossus
384 3291 438 3330 seu
470 3270 606 3330 Cossis
630 3291 742 3331 nomen
766 3270 923 3350 antiquum
945 3272 1027 3353 apud
1044 3272 1185 3334 Plinium.
1221 3342 1223 3348 λ

171 3441 371 3499 Observatio:
393 3477 433 3488 -
464 3439 560 3499 Valde
589 3441 679 3500 affine
708 3441 834 3499 videtur
862 3440 966 3520 generi
1001 3440 1187 3521 Hylesini

80 3543 264 3632 (Hylurg.
294 3541 398 3627 Latr.)
433 3563 472 3600 ex
493 3543 608 3602 familia
637 3522 972 3624 Xylophagornm
1002 3553 1032 3603 et
1054 3544 1131 3602 sicut
1153 3543 1188 3604 hi

82 3648 113 3706 in
138 3647 259 3705 annosis
282 3646 545 3728 truncisarboreis
559 3647 677 3706 vivunt.
720 3644 837 3706 florum
853 3668 928 3708 vero
942 3656 1091 3708 antennae
1106 3645 1189 3705 hand

81 3749 194 3810 fractae
218 3757 304 3832 sunt,
328 3750 461 3827 tarsique
482 3748 597 3807 habent
618 3748 752 3828 quinque
766 3749 919 3824 articulus,
943 3758 1071 3830 quorum
1089 3758 1188 3807 tamen

84 3861 214 3941 quatuor
247 3851 345 3908 solum
368 3852 525 3930 conspicui
546 3860 634 3927 sunt,
664 3851 810 3910 articulus
839 3852 939 3912 asinus
968 3851 1094 3914 evidens
1114 3872 1189 3930 pro·

83 3955 166 4013 xime
189 3952 226 4010 ad
248 3953 409 4013 articulum
436 3955 663 4035 unguicularem
686 3952 786 4040 locum
817 3953 873 4011 sibi
902 3951 1054 4028 vindicet,
1087 3953 1190 4026 tennis
1284 3999 1286 4003 .

86 4067 140 4129 est,
168 4055 322 4116 interdum
339 4058 461 4138 quidem
482 4057 678 4139 conspicitur,
700 4056 752 4114 sed
767 4057 942 4136 saepissime
956 4054 1012 4115 sub
1029 4055 1189 4114 articulum

87 4158 210 4217 tertium
232 4169 390 4219 retractus.
434 4160 568 4221 Eandem
586 4147 660 4219 ,cum
687 4159 901 4222 Bostrichi
937 4180 1048 4243 genere
1086 4157 1191 4238 (To-

87 4283 116 4320 m
128 4261 138 4319 i
149 4281 164 4318 c
174 4281 216 4318 us
244 4257 343 4346 Latr.)
358 4260 360 4265 ’
371 4262 521 4323 rationem
543 4262 656 4323 inveni.
