2684 4928
349 316 887 401 aurnnrsru'ss.
1130 333 1175 402 ss

162 501 288 563 Observ.
316 490 496 582 &singuli
517 501 628 581 postici
648 499 782 562 thoracis
805 501 1024 564 substuminsti
1046 512 1078 573 et
1097 503 1173 563 tarsi

64 602 255 679 breviusculi
277 615 348 664 sunt
366 613 489 684 praeter
511 604 588 662 alios
607 604 712 683 plures
732 603 936 679 characteres,
967 615 1059 664 notae
1080 604 1172 685 hnjns

67 708 245 786 subgeneris
267 706 412 785 cognitae.
455 705 531 765 Cum
552 705 591 764 ad
612 705 671 764 lroc
691 708 843 785 subgen'us
862 708 1081 787 pertinentium
1100 729 1173 787 ape-

32 818 35 825 '
64 809 184 868 ciarum
204 810 269 869 vita
290 786 456 867 larvalis}
476 817 673 881 caeterarum,
695 806 767 866 huic
786 807 927 867 Familiae
949 809 1172 889 adscripturum

63 911 192 969 omnino
212 908 396 980 abhorreat,
426 908 518 967 credo
540 909 680 988 equidem
704 929 743 968 ex
764 909 812 971 his
834 911 992 990 proprium
1015 921 1046 968 et
1068 910 1173 970 deter-

62 1012 215 1099 minatum
239 984 485 1070 constituendum
514 1032 581 1075 esse
610 1031 714 1090 genus.
757 1010 845 1071 Dorn.
871 1010 903 1077 L
926 1009 961 1070 ll.
982 1012 1025 1077 N:
1019 1011 1191 1092 Dalmata¹

62 1113 179 1173 Scient.
199 1098 265 1174 Aer.
279 1112 386 1173 Helm.
416 1122 495 1172 antro
520 1113 601 1179 1824
627 1135 692 1195 pag.
716 1118 778 1203 388
805 1114 989 1192 singularem
1019 1124 1049 1173 et
1076 1115 1171 1194 insig-

60 1235 137 1276 nem
156 1217 242 1276 illam
262 1216 352 1275 nobis
375 1216 519 1295 exposuit
540 1196 802 1303 observationem,
829 1202 901 1275 has
915 1235 981 1274 esse
1011 1216 1171 1294 parasitus,

62 1326 96 1377 et
116 1317 219 1378 larvas
244 1318 368 1399 quidem
389 1316 589 1377 Anthribi
609 1318 719 1376 varii
747 1318 780 1376 in
801 1317 922 1377 seminis
946 1318 1171 1393 Coceornm,

61 1440 143 1500 quae
171 1421 204 1478 in
230 1418 348 1478 Betulis
381 1429 411 1478 et
441 1419 566 1499 Populis
598 1429 774 1494 morantur,
805 1420 954 1478 exsistere
987 1419 1170 1500 (Coccus

61 1521 290 1602 cypraeola
310 1519 433 1600 Dalm.)
454 1541 494 1578 ex
515 1521 624 1602 qrribus
646 1521 860 1581 excluduntur.
907 1521 956 1581 Ex
976 1521 1024 1580 his
1048 1544 1170 1604 quoque

62 1621 186 1682 Cocci
213 1622 336 1685 feminis
366 1622 615 1681 Anthribum
639 1625 888 1696 scabrosum,
919 1626 970 1702 qni
992 1625 1066 1685 huic
1094 1629 1170 1686 sub

59 1723 168 1807 generi
204 1725 296 1784 etiam
334 1723 495 1802 competit,
532 1723 621 1783 Dona.
649 1725 779 1791 Profess,
809 1725 839 1784 S.
870 1725 916 1785 ll.
945 1726 1111 1788 Dalmau
1102 1751 1170 1810 apsa

60 1810 206 1887 exclusit.

146 1944 280 2006 *cotors
315 1947 360 2007 8³.
416 1941 510 2002 Clava
545 1952 744 2004 antennarum
791 1946 921 2026 abrupto
942 1978 960 1993 -
988 1950 1165 2026 incrassata,

59 2044 198 2108 articulis
218 2042 316 2103 valde·
330 2045 465 2104 remotis.

113 2215 118 2223 .
147 2163 306 2243 Subgenus
323 2158 371 2225 K.
394 2161 589 2230 Stenocerus
610 2167 680 2225 nob.
758 2244 760 2248 Ι

146 2280 439 2347 Αᾰιιηιόναιὶοζ·
462 2316 502 2329 -
522 2285 690 2345 Antenuae
707 2283 932 2364 longiusculae,
959 2287 1165 2363 tenuissimae,
1272 2320 1276 2331 ·

59 2395 237 2459 extrorsum
259 2374 393 2464 pilosae,
421 2384 453 2442 in
484 2385 586 2444 medio
613 2387 707 2445 rostri
737 2389 885 2467 insertae3
913 2390 1042 2449 articulo
1071 2387 1167 2447 basali
1191 2390 1195 2398 “

58 2486 263 2556 brevissimo,
293 2487 385 2546 tertio
418 2487 579 2564 elongato,
614 2490 744 2567 reliquis
782 2492 1043 2567 decrescentibus3
1080 2492 1166 2550 clava

55 2589 152 2650 valde
171 2590 327 2667 elongata,
358 2589 495 2646 articulis
517 2589 659 2664 remotis,
690 2592 807 2659 duobus
837 2597 991 2654 besalibus
1021 2592 1165 2652 cordato·

40 2684 178 2766 oratis,
197 2691 308 2751 'ultimo
329 2691 517 2763 acuminato,
540 2712 724 2773 compresso.
745 2730 785 2743 -
807 2690 958 2757 Rostrum
979 2697 1164 2776 elongatum»

54 2793 270 2868 latiusculum,
292 2792 357 2850 basi
379 2801 579 2866 coarctatum,
600 2795 685 2873 apice
707 2797 797 2855 valde
819 2799 996 2870 dilatatum,
1028 2798 1166 2876 compla-

56 2906 174 2957 natum.
196 2930 236 2943 -
265 2895 358 2971 Oculi
376 2893 533 2967 laterales,
556 2895 753 2975 suboblongi,
784 2901 889 2977 paullo
911 2891 1088 2981 prominuli.
1122 2932 1161 2945 -

64 2999 191 3059 storax
208 3008 418 3068 transversus,
440 2995 539 3053 antice
561 2998 657 3055 multo
683 3000 855 3078 angustior,
884 3003 950 3062 basi
981 3003 1162 3071 bisinuatus,

57 3110 133 3165 ante
160 3099 247 3159 basin
275 3097 366 3176 striga
394 3106 583 3172 transversa,
613 3101 746 3173 elevata,
769 3102 907 3162 flexuosa
937 3125 1004 3162 cum
1027 3101 1163 3179 margine

55 3202 180 3264 laterali
201 3200 336 3273 reflexo,
357 3188 661 3275 sinuato-connexa,
684 3211 815 3262 notatus.
838 3240 878 3253 -
902 3206 1014 3284 Elytra
1029 3200 1163 3262 thoracis

54 3304 124 3368 basi
146 3314 253 3389 parum
274 3302 402 3382 latiora,
432 3300 485 3359 sed
512 3302 567 3360 illo
598 3303 691 3381 triplo
718 3304 872 3384 longiora,
903 3308 988 3385 apice
1016 3306 1163 3363 subtrun-

54 3417 135 3476 cata,
154 3426 246 3485 supra
261 3406 293 3463 in
316 3404 440 3462 dorsum
463 3403 596 3461 anticum
619 3405 770 3484 depressa.
791 3442 831 3455 -
854 3408 1024 3487 Pygidium
1038 3404 1163 3476 nudum,

54 3508 373 3569 semi-rotundatum.
396 3537 436 3553 -
462 3507 580 3597 Corpus
609 3508 912 3586 oblongo-ovatum,
935 3528 1027 3587 supra
1050 3502 1164 3564 subde*-

51 3631 207 3694 pressum.

150 3731 270 3807 lfypus:
299 3757 338 3771 -
370 3721 509 3783 Anthr.
531 3724 775 3787 sulvitarsis
799 3724 900 3785 Germ.
923 3759 963 3773 -
983 3723 1164 3805 congeneri-¹

51 3852 127 3891 cus:
147 3863 187 3877 -
210 3829 346 3919 Anthr.
367 3824 657 3910 (Stenocerus)
683 3827 884 3887 frontalis
904 3830 976 3887 nob.

143 3947 166 4007 Α
190 3941 296 4011 στενός
316 3954 479 4023 angustus,
507 3947 602 4025 κέρας
624 3967 728 4010 cornu.

150 4064 274 4122 Observi
295 4097 335 4110 -
357 4063 475 4141 Corpus
498 4084 589 4142 supra
610 4058 862 4142 subdepressu'm,
883 4074 1016 4124 rostrum
1037 4062 1164 4141 elonga-

51 4179 138 4240 tnrn,
162 4166 227 4225 basi
250 4176 435 4225 coarctatum
457 4165 516 4224 hoc
548 4165 680 4225 maxime
702 4166 862 4244 distinguit
891 4166 1045 4226 sceleris
1072 4163 1164 4241 hujus

49 4269 198 4331 cohortis
221 4270 448 4347 subgeneribns.
498 4258 502 4266 ¹
